<record><leader>00000cas a2200000 a 4500</leader><controlfield tag="001">12375115</controlfield><controlfield tag="008">850812d18uu1873iluwr ne      0   a0eng c</controlfield><datafield ind1=" " ind2=" " tag="010"><subfield code="a">sn 85034011 </subfield></datafield><datafield ind1=" " ind2=" " tag="040"><subfield code="a">NPU</subfield><subfield code="b">eng</subfield><subfield code="c">NPU</subfield><subfield code="d">NVF</subfield><subfield code="d">OCL</subfield><subfield code="d">NVF</subfield><subfield code="d">OCLCF</subfield><subfield code="d">OCLCO</subfield><subfield code="d">NVF</subfield></datafield><datafield ind1=" " ind2=" " tag="042"><subfield code="a">pcc</subfield></datafield><datafield ind1=" " ind2=" " tag="043"><subfield code="a">n-us-il</subfield></datafield><datafield ind1="0" ind2="4" tag="245"><subfield code="a">The Pekin register.</subfield></datafield><datafield ind1="1" ind2="7" tag="246"><subfield code="a">Pekin weekly register</subfield></datafield><datafield ind1=" " ind2=" " tag="260"><subfield code="a">Pekin [Ill.] :</subfield><subfield code="b">Mounts &amp; Allensworth</subfield></datafield><datafield ind1=" " ind2=" " tag="300"><subfield code="a">v.</subfield></datafield><datafield ind1=" " ind2=" " tag="310"><subfield code="a">Weekly</subfield></datafield><datafield ind1="1" ind2=" " tag="362"><subfield code="a">Ceased in Oct. 1873.</subfield></datafield><datafield ind1=" " ind2=" " tag="588"><subfield code="a">Description based on: Vol. 16, no. 40 (Aug. 14, 1872).</subfield></datafield><datafield ind1=" " ind2=" " tag="588"><subfield code="a">Latest issue consulted: Feb. 5, 1873.</subfield></datafield><datafield ind1=" " ind2="0" tag="651"><subfield code="a">Pekin (Ill.)</subfield><subfield code="v">Newspapers.</subfield></datafield><datafield ind1=" " ind2="7" tag="651"><subfield code="a">Illinois</subfield><subfield code="z">Pekin.</subfield><subfield code="2">fast</subfield><subfield code="0">(OCoLC)fst01216219</subfield></datafield><datafield ind1=" " ind2="7" tag="655"><subfield code="a">Newspapers.</subfield><subfield code="2">fast</subfield><subfield code="0">(OCoLC)fst01423814</subfield></datafield><datafield ind1=" " ind2=" " tag="752"><subfield code="a">United States</subfield><subfield code="b">Illinois</subfield><subfield code="c">Tazewell</subfield><subfield code="d">Pekin.</subfield></datafield><datafield ind1="0" ind2=" " tag="775"><subfield code="t">Pekin daily register</subfield><subfield code="w">(DLC)sn 85034009</subfield><subfield code="w">(OCoLC)12375139</subfield></datafield><datafield ind1="0" ind2="0" tag="785"><subfield code="t">Pekin weekly times</subfield><subfield code="w">(DLC)sn 90054621</subfield><subfield code="w">(OCoLC)22144104</subfield></datafield><datafield ind1="1" ind2=" " tag="029"><subfield code="a">AU@</subfield><subfield code="b">000020234622</subfield></datafield></record>